@article{Articulo,
    author={Chabelo},
    title={Cómo ser inmortal},
    journal={Alabama},
    year={198090 a.n.e},
    
    volume={3},
    number={2},
    pages={-1},
    month={13},
    note={Pio}}
    
@book{Libro_con_editorial,
    author={Chabelo},
    title={Cómo ser inmortal},
    publisher={Reina Isable II},
    year={198090 a.n.e},
    
    volume={3},
    series={2},
    address={Calle 13},
    edition={20},
    month={13},
    note={Pio}}

@booklet{Libro_sin_editorial,
    title={Cómo ser inmortal},
    
    author={Chabelo},
    howpublished={Reina Isable II},
    address={Calle 13},
    month={13},
    year={198090 a.n.e},
    note={Pio}}

@inbook{Parte_de_un_libro,
    author={Chabelo},
    title={Cómo ser inmortal},
    chapter={-1},
    publisher={Reina Isable II},
    year={198090 a.n.e},
    
    volume={3},
    series={2},
    type={Magistral},
    address={Calle 13},
    edition={Deluxe},
    month={13},
    note={Pio}}

@incollection{Parte_cap_propio_de_un_libro,
    author={Chabelo},
    title={Cómo ser inmortal},
    booktitle={Secretos},
    publisher={Reina Isable II},
    year={198090 a.n.e},
    
    editor={Rasputin},
    volume={3},
    series={2},
    type={Magistral},
    chapter={-1},
    pages={-1},
    address={Calle 13},
    edition={20},
    month={13},
    note={Pio}}

@inproceedings{Ariculo_de_memorias_de_un_congreso,
    author={Chabelo},
    title={Cómo ser inmortal},
    booktitle={Secretos},
    year={198090 a.n.e},
    
    editor={Rasputin},
    volume={3},
    series={2},
    pages={-1},
    address={Calle 13},
    month={13},
    organization={Fac Ciencias {UNAM}},
    publisher={Reina Isable II},
    note={Pio}}

@manual{Documentacion_tecnica,
    title={Cómo ser inmortal},
    
    author={Chabelo},
    organization={Fac Ciencias UNAM},
    address={Calle 13},
    edition={20},
    month={13},
    year={198090 a.n.e},
    note={Pio}}

@masterthesis{Tesis_de_maestria,
    author={Flores Silva, Pedro Arturo},
    title={Transistores de grafeno con TIO2 : diseño, fabricación y caracterización de las propiedades electrónicas},
    school={Facultad de ciencias {UNAM}},
    year={2019},
    
    type={Tesis de licenciatura},
    address={Investigación Científica, C.U., Coyoacán, 04510 Ciudad de México, CDMX},
    month={Mayo},
    note={\url{http://132.248.9.195/ptd2019/mayo/0788962/0788962.pdf}}}

@misc{Cuando_el_resto_falla,
    
    author={Chabelo},
    title={Cómo ser inmortal},
    howpublished={Telepatia},
    month={13},
    year={198090 a.n.e},
    note={Pio}}
    
@phdthesis{Tesis_de_doctorado,
    author={Chabelo},
    title={Cómo ser inmortal},
    school={UNAM},
    year={198090 a.n.e},
    
    type={Magistral},
    address={Calle 13},
    month={13},
    note={Pio}}

@proceedings{Memorias_De_un_congreso,
    title={Cómo ser inmortal},
    year={198090 a.n.e},
    
    editor={Rasputin},
    volume={3},
    series={2},
    address={Calle 13},
    month={13},
    organization={Fac Ciencias {UNAM}},
    publisher={Reina Isable II},
    note={Pio}}


@techreport{Informe_publicado_por_una_institucion,
    author={Chabelo},
    title={Cómo ser inmortal},
    institution={},
    year={198090 a.n.e},
    
    type={Magistral},
    number={2},
    address={Calle 13},
    month={13},
    note={Pio}}


@unpublished{Documento_inedito_o_no_formalmente_publicado,
    author={Chabelo},
    title={Cómo ser inmortal},
    note={Pio},
    
    month={13},
    year={198090 a.n.e}}